@book{GPUGems,
  author = {Fernando, Randima},
  title = {GPU Gems: Programming Techniques, Tips and Tricks for Real-Time Graphics},
  chapter = 16,
  year = 2004,
  month = 4,
  publisher = {Addison-Wesley Professional}
  }
